@article {tanenbaum,
    author = "S. Tanenbaum, Andrew and Bos, Hertbert",
    title = "Modern Operating Systems",
    version = 4
}

@article {assignment,
    author = "Karlsson, Sven",
    title = "Mid-term",
    year = 2017
}